%YAML 1.1
%TAG !u! tag:unity3d.com,2011:
--- !u!1 &3109182370302268968
GameObject:
  m_ObjectHideFlags: 0
  m_CorrespondingSourceObject: {fileID: 0}
  m_PrefabInstance: {fileID: 0}
  m_PrefabAsset: {fileID: 0}
  serializedVersion: 6
  m_Component:
  - component: {fileID: 4824241668848486849}
  m_Layer: 0
  m_Name: SpawnPoint
  m_TagString: Untagged
  m_Icon: {fileID: 419385456094870383, guid: 0000000000000000d000000000000000, type: 0}
  m_NavMeshLayer: 0
  m_StaticEditorFlags: 0
  m_IsActive: 1
--- !u!4 &4824241668848486849
Transform:
  m_ObjectHideFlags: 0
  m_CorrespondingSourceObject: {fileID: 0}
  m_PrefabInstance: {fileID: 0}
  m_PrefabAsset: {fileID: 0}
  m_GameObject: {fileID: 3109182370302268968}
  m_LocalRotation: {x: 0, y: 0, z: 0, w: 1}
  m_LocalPosition: {x: 0, y: 0.725, z: 0}
  m_LocalScale: {x: 1, y: 1, z: 1}
  m_Children: []
  m_Father: {fileID: 4225000468375505109}
  m_RootOrder: 2
  m_LocalEulerAnglesHint: {x: 0, y: 0, z: 0}
--- !u!1 &4225000468375505131
GameObject:
  m_ObjectHideFlags: 0
  m_CorrespondingSourceObject: {fileID: 0}
  m_PrefabInstance: {fileID: 0}
  m_PrefabAsset: {fileID: 0}
  serializedVersion: 6
  m_Component:
  - component: {fileID: 4225000468375505109}
  - component: {fileID: 4225000468375505130}
  - component: {fileID: 4225000468375505108}
  - component: {fileID: 249717361526856328}
  m_Layer: 0
  m_Name: CheckPoint
  m_TagString: CheckPoint
  m_Icon: {fileID: 5721338939258241955, guid: 0000000000000000d000000000000000, type: 0}
  m_NavMeshLayer: 0
  m_StaticEditorFlags: 0
  m_IsActive: 1
--- !u!4 &4225000468375505109
Transform:
  m_ObjectHideFlags: 0
  m_CorrespondingSourceObject: {fileID: 0}
  m_PrefabInstance: {fileID: 0}
  m_PrefabAsset: {fileID: 0}
  m_GameObject: {fileID: 4225000468375505131}
  m_LocalRotation: {x: 0, y: 0, z: 0, w: 1}
  m_LocalPosition: {x: 0, y: 0, z: 0}
  m_LocalScale: {x: 1, y: 1, z: 1}
  m_Children:
  - {fileID: 2634657258939294315}
  - {fileID: 3553168157276587180}
  - {fileID: 4824241668848486849}
  m_Father: {fileID: 0}
  m_RootOrder: 0
  m_LocalEulerAnglesHint: {x: 0, y: 0, z: 0}
--- !u!114 &4225000468375505130
MonoBehaviour:
  m_ObjectHideFlags: 0
  m_CorrespondingSourceObject: {fileID: 0}
  m_PrefabInstance: {fileID: 0}
  m_PrefabAsset: {fileID: 0}
  m_GameObject: {fileID: 4225000468375505131}
  m_Enabled: 1
  m_EditorHideFlags: 0
  m_Script: {fileID: 11500000, guid: 994d26e6020b8e44ea680092719ee6fa, type: 3}
  m_Name: 
  m_EditorClassIdentifier: 
  particles:
  - {fileID: 2631487795545153281}
  - {fileID: 3553168157276787186}
  CheckPointIndexThis: 0
  SpawnPoint: {fileID: 3109182370302268968}
--- !u!61 &4225000468375505108
BoxCollider2D:
  m_ObjectHideFlags: 0
  m_CorrespondingSourceObject: {fileID: 0}
  m_PrefabInstance: {fileID: 0}
  m_PrefabAsset: {fileID: 0}
  m_GameObject: {fileID: 4225000468375505131}
  m_Enabled: 1
  m_Density: 1
  m_Material: {fileID: 0}
  m_IsTrigger: 1
  m_UsedByEffector: 0
  m_UsedByComposite: 0
  m_Offset: {x: -0.00000011920929, y: 0.14709151}
  m_SpriteTilingProperty:
    border: {x: 0, y: 0, z: 0, w: 0}
    pivot: {x: 0.5, y: 0.5}
    oldSize: {x: 1.22, y: 1.16}
    newSize: {x: 1.22, y: 1.16}
    adaptiveTilingThreshold: 0.5
    drawMode: 0
    adaptiveTiling: 0
  m_AutoTiling: 0
  serializedVersion: 2
  m_Size: {x: 1.290333, y: 1.291126}
  m_EdgeRadius: 0
--- !u!212 &249717361526856328
SpriteRenderer:
  m_ObjectHideFlags: 0
  m_CorrespondingSourceObject: {fileID: 0}
  m_PrefabInstance: {fileID: 0}
  m_PrefabAsset: {fileID: 0}
  m_GameObject: {fileID: 4225000468375505131}
  m_Enabled: 1
  m_CastShadows: 0
  m_ReceiveShadows: 0
  m_DynamicOccludee: 1
  m_MotionVectors: 1
  m_LightProbeUsage: 1
  m_ReflectionProbeUsage: 1
  m_RayTracingMode: 0
  m_RayTraceProcedural: 0
  m_RenderingLayerMask: 1
  m_RendererPriority: 0
  m_Materials:
  - {fileID: 10754, guid: 0000000000000000f000000000000000, type: 0}
  m_StaticBatchInfo:
    firstSubMesh: 0
    subMeshCount: 0
  m_StaticBatchRoot: {fileID: 0}
  m_ProbeAnchor: {fileID: 0}
  m_LightProbeVolumeOverride: {fileID: 0}
  m_ScaleInLightmap: 1
  m_ReceiveGI: 1
  m_PreserveUVs: 0
  m_IgnoreNormalsForChartDetection: 0
  m_ImportantGI: 0
  m_StitchLightmapSeams: 1
  m_SelectedEditorRenderState: 0
  m_MinimumChartSize: 4
  m_AutoUVMaxDistance: 0.5
  m_AutoUVMaxAngle: 89
  m_LightmapParameters: {fileID: 0}
  m_SortingLayerID: 0
  m_SortingLayer: 0
  m_SortingOrder: 0
  m_Sprite: {fileID: 21300000, guid: 4b3947f088c6aae4393bb466173abc15, type: 3}
  m_Color: {r: 1, g: 1, b: 1, a: 1}
  m_FlipX: 0
  m_FlipY: 0
  m_DrawMode: 0
  m_Size: {x: 1.22, y: 1.16}
  m_AdaptiveModeThreshold: 0.5
  m_SpriteTileMode: 0
  m_WasSpriteAssigned: 1
  m_MaskInteraction: 0
  m_SpriteSortPoint: 0
--- !u!1001 &2630169536827532519
PrefabInstance:
  m_ObjectHideFlags: 0
  serializedVersion: 2
  m_Modification:
    m_TransformParent: {fileID: 4225000468375505109}
    m_Modifications:
    - target: {fileID: 1132617835822030, guid: f679d5e01ec7924469e78404ac7d0358, type: 3}
      propertyPath: m_IsActive
      value: 0
      objectReference: {fileID: 0}
    - target: {fileID: 1356209367432166, guid: f679d5e01ec7924469e78404ac7d0358, type: 3}
      propertyPath: m_Name
      value: FlareSoftRed
      objectReference: {fileID: 0}
    - target: {fileID: 1356209367432166, guid: f679d5e01ec7924469e78404ac7d0358, type: 3}
      propertyPath: m_IsActive
      value: 0
      objectReference: {fileID: 0}
    - target: {fileID: 1516301239128804, guid: f679d5e01ec7924469e78404ac7d0358, type: 3}
      propertyPath: m_IsActive
      value: 0
      objectReference: {fileID: 0}
    - target: {fileID: 4525122955478668, guid: f679d5e01ec7924469e78404ac7d0358, type: 3}
      propertyPath: m_LocalPosition.x
      value: 0
      objectReference: {fileID: 0}
    - target: {fileID: 4525122955478668, guid: f679d5e01ec7924469e78404ac7d0358, type: 3}
      propertyPath: m_LocalPosition.y
      value: 0.44
      objectReference: {fileID: 0}
    - target: {fileID: 4525122955478668, guid: f679d5e01ec7924469e78404ac7d0358, type: 3}
      propertyPath: m_LocalPosition.z
      value: -0
      objectReference: {fileID: 0}
    - target: {fileID: 4525122955478668, guid: f679d5e01ec7924469e78404ac7d0358, type: 3}
      propertyPath: m_LocalRotation.x
      value: -0.7071068
      objectReference: {fileID: 0}
    - target: {fileID: 4525122955478668, guid: f679d5e01ec7924469e78404ac7d0358, type: 3}
      propertyPath: m_LocalRotation.y
      value: 0
      objectReference: {fileID: 0}
    - target: {fileID: 4525122955478668, guid: f679d5e01ec7924469e78404ac7d0358, type: 3}
      propertyPath: m_LocalRotation.z
      value: 0
      objectReference: {fileID: 0}
    - target: {fileID: 4525122955478668, guid: f679d5e01ec7924469e78404ac7d0358, type: 3}
      propertyPath: m_LocalRotation.w
      value: 0.7071068
      objectReference: {fileID: 0}
    - target: {fileID: 4525122955478668, guid: f679d5e01ec7924469e78404ac7d0358, type: 3}
      propertyPath: m_RootOrder
      value: 0
      objectReference: {fileID: 0}
    - target: {fileID: 4525122955478668, guid: f679d5e01ec7924469e78404ac7d0358, type: 3}
      propertyPath: m_LocalEulerAnglesHint.x
      value: -90
      objectReference: {fileID: 0}
    - target: {fileID: 4525122955478668, guid: f679d5e01ec7924469e78404ac7d0358, type: 3}
      propertyPath: m_LocalEulerAnglesHint.y
      value: 0
      objectReference: {fileID: 0}
    - target: {fileID: 4525122955478668, guid: f679d5e01ec7924469e78404ac7d0358, type: 3}
      propertyPath: m_LocalEulerAnglesHint.z
      value: 0
      objectReference: {fileID: 0}
    - target: {fileID: 199031241787555590, guid: f679d5e01ec7924469e78404ac7d0358, type: 3}
      propertyPath: m_Materials.Array.size
      value: 1
      objectReference: {fileID: 0}
    - target: {fileID: 199041030591984840, guid: f679d5e01ec7924469e78404ac7d0358, type: 3}
      propertyPath: m_Materials.Array.size
      value: 1
      objectReference: {fileID: 0}
    - target: {fileID: 199653007315575674, guid: f679d5e01ec7924469e78404ac7d0358, type: 3}
      propertyPath: m_Materials.Array.size
      value: 1
      objectReference: {fileID: 0}
    m_RemovedComponents:
    - {fileID: 199041030591984840, guid: f679d5e01ec7924469e78404ac7d0358, type: 3}
    - {fileID: 198176607621028276, guid: f679d5e01ec7924469e78404ac7d0358, type: 3}
  m_SourcePrefab: {fileID: 100100000, guid: f679d5e01ec7924469e78404ac7d0358, type: 3}
--- !u!1 &2631487795545153281 stripped
GameObject:
  m_CorrespondingSourceObject: {fileID: 1356209367432166, guid: f679d5e01ec7924469e78404ac7d0358, type: 3}
  m_PrefabInstance: {fileID: 2630169536827532519}
  m_PrefabAsset: {fileID: 0}
--- !u!4 &2634657258939294315 stripped
Transform:
  m_CorrespondingSourceObject: {fileID: 4525122955478668, guid: f679d5e01ec7924469e78404ac7d0358, type: 3}
  m_PrefabInstance: {fileID: 2630169536827532519}
  m_PrefabAsset: {fileID: 0}
--- !u!1001 &3553168157276638388
PrefabInstance:
  m_ObjectHideFlags: 0
  serializedVersion: 2
  m_Modification:
    m_TransformParent: {fileID: 4225000468375505109}
    m_Modifications:
    - target: {fileID: 154950, guid: f407b02e7947b9143969a306aee2b85c, type: 3}
      propertyPath: m_Name
      value: GrenadeExplosionPink
      objectReference: {fileID: 0}
    - target: {fileID: 154950, guid: f407b02e7947b9143969a306aee2b85c, type: 3}
      propertyPath: m_IsActive
      value: 0
      objectReference: {fileID: 0}
    - target: {fileID: 477208, guid: f407b02e7947b9143969a306aee2b85c, type: 3}
      propertyPath: m_LocalPosition.x
      value: -0.02
      objectReference: {fileID: 0}
    - target: {fileID: 477208, guid: f407b02e7947b9143969a306aee2b85c, type: 3}
      propertyPath: m_LocalPosition.y
      value: 0.41
      objectReference: {fileID: 0}
    - target: {fileID: 477208, guid: f407b02e7947b9143969a306aee2b85c, type: 3}
      propertyPath: m_LocalPosition.z
      value: -1
      objectReference: {fileID: 0}
    - target: {fileID: 477208, guid: f407b02e7947b9143969a306aee2b85c, type: 3}
      propertyPath: m_LocalRotation.x
      value: 0
      objectReference: {fileID: 0}
    - target: {fileID: 477208, guid: f407b02e7947b9143969a306aee2b85c, type: 3}
      propertyPath: m_LocalRotation.y
      value: 0
      objectReference: {fileID: 0}
    - target: {fileID: 477208, guid: f407b02e7947b9143969a306aee2b85c, type: 3}
      propertyPath: m_LocalRotation.z
      value: 0
      objectReference: {fileID: 0}
    - target: {fileID: 477208, guid: f407b02e7947b9143969a306aee2b85c, type: 3}
      propertyPath: m_LocalRotation.w
      value: 1
      objectReference: {fileID: 0}
    - target: {fileID: 477208, guid: f407b02e7947b9143969a306aee2b85c, type: 3}
      propertyPath: m_RootOrder
      value: 1
      objectReference: {fileID: 0}
    - target: {fileID: 477208, guid: f407b02e7947b9143969a306aee2b85c, type: 3}
      propertyPath: m_LocalEulerAnglesHint.x
      value: 0
      objectReference: {fileID: 0}
    - target: {fileID: 477208, guid: f407b02e7947b9143969a306aee2b85c, type: 3}
      propertyPath: m_LocalEulerAnglesHint.y
      value: 0
      objectReference: {fileID: 0}
    - target: {fileID: 477208, guid: f407b02e7947b9143969a306aee2b85c, type: 3}
      propertyPath: m_LocalEulerAnglesHint.z
      value: 0
      objectReference: {fileID: 0}
    - target: {fileID: 477208, guid: f407b02e7947b9143969a306aee2b85c, type: 3}
      propertyPath: m_LocalScale.x
      value: 0.3798899
      objectReference: {fileID: 0}
    - target: {fileID: 477208, guid: f407b02e7947b9143969a306aee2b85c, type: 3}
      propertyPath: m_LocalScale.y
      value: 0.3798899
      objectReference: {fileID: 0}
    - target: {fileID: 477208, guid: f407b02e7947b9143969a306aee2b85c, type: 3}
      propertyPath: m_LocalScale.z
      value: 0.3798899
      objectReference: {fileID: 0}
    - target: {fileID: 19924746, guid: f407b02e7947b9143969a306aee2b85c, type: 3}
      propertyPath: m_Materials.Array.size
      value: 1
      objectReference: {fileID: 0}
    - target: {fileID: 19952304, guid: f407b02e7947b9143969a306aee2b85c, type: 3}
      propertyPath: m_Materials.Array.size
      value: 1
      objectReference: {fileID: 0}
    - target: {fileID: 19965274, guid: f407b02e7947b9143969a306aee2b85c, type: 3}
      propertyPath: m_Materials.Array.size
      value: 1
      objectReference: {fileID: 0}
    - target: {fileID: 19985354, guid: f407b02e7947b9143969a306aee2b85c, type: 3}
      propertyPath: m_Materials.Array.size
      value: 1
      objectReference: {fileID: 0}
    - target: {fileID: 19991202, guid: f407b02e7947b9143969a306aee2b85c, type: 3}
      propertyPath: m_Materials.Array.size
      value: 1
      objectReference: {fileID: 0}
    - target: {fileID: 19994982, guid: f407b02e7947b9143969a306aee2b85c, type: 3}
      propertyPath: m_Materials.Array.size
      value: 1
      objectReference: {fileID: 0}
    - target: {fileID: 199393771132443810, guid: f407b02e7947b9143969a306aee2b85c, type: 3}
      propertyPath: m_Materials.Array.size
      value: 1
      objectReference: {fileID: 0}
    m_RemovedComponents:
    - {fileID: 82989916210452030, guid: f407b02e7947b9143969a306aee2b85c, type: 3}
  m_SourcePrefab: {fileID: 100100000, guid: f407b02e7947b9143969a306aee2b85c, type: 3}
--- !u!1 &3553168157276787186 stripped
GameObject:
  m_CorrespondingSourceObject: {fileID: 154950, guid: f407b02e7947b9143969a306aee2b85c, type: 3}
  m_PrefabInstance: {fileID: 3553168157276638388}
  m_PrefabAsset: {fileID: 0}
--- !u!4 &3553168157276587180 stripped
Transform:
  m_CorrespondingSourceObject: {fileID: 477208, guid: f407b02e7947b9143969a306aee2b85c, type: 3}
  m_PrefabInstance: {fileID: 3553168157276638388}
  m_PrefabAsset: {fileID: 0}
