%YAML 1.1
%TAG !u! tag:unity3d.com,2011:
--- !u!1 &2581647335949190686
GameObject:
  m_ObjectHideFlags: 0
  m_CorrespondingSourceObject: {fileID: 0}
  m_PrefabInstance: {fileID: 0}
  m_PrefabAsset: {fileID: 0}
  serializedVersion: 6
  m_Component:
  - component: {fileID: 2581647335949190685}
  - component: {fileID: 2581647335949190684}
  - component: {fileID: 2581647335949190687}
  - component: {fileID: 2581647335949190690}
  - component: {fileID: 737904110998765779}
  m_Layer: 9
  m_Name: NormalPlatform
  m_TagString: Floor
  m_Icon: {fileID: 0}
  m_NavMeshLayer: 0
  m_StaticEditorFlags: 0
  m_IsActive: 1
--- !u!4 &2581647335949190685
Transform:
  m_ObjectHideFlags: 0
  m_CorrespondingSourceObject: {fileID: 0}
  m_PrefabInstance: {fileID: 0}
  m_PrefabAsset: {fileID: 0}
  m_GameObject: {fileID: 2581647335949190686}
  m_LocalRotation: {x: 0, y: 0, z: 0, w: 1}
  m_LocalPosition: {x: 0, y: 0, z: 0}
  m_LocalScale: {x: 1, y: 1, z: 1}
  m_Children:
  - {fileID: 9186688252743683118}
  m_Father: {fileID: 0}
  m_RootOrder: 0
  m_LocalEulerAnglesHint: {x: 0, y: 0, z: 0}
--- !u!1971053207 &2581647335949190684
SpriteShapeRenderer:
  m_ObjectHideFlags: 0
  m_CorrespondingSourceObject: {fileID: 0}
  m_PrefabInstance: {fileID: 0}
  m_PrefabAsset: {fileID: 0}
  m_GameObject: {fileID: 2581647335949190686}
  m_Enabled: 1
  m_CastShadows: 1
  m_ReceiveShadows: 1
  m_DynamicOccludee: 0
  m_MotionVectors: 1
  m_LightProbeUsage: 1
  m_ReflectionProbeUsage: 1
  m_RayTracingMode: 0
  m_RayTraceProcedural: 0
  m_RenderingLayerMask: 1
  m_RendererPriority: 0
  m_Materials:
  - {fileID: 2100000, guid: fe74e16b374641144a4cfc57fa40e1eb, type: 2}
  - {fileID: 2100000, guid: fe74e16b374641144a4cfc57fa40e1eb, type: 2}
  m_StaticBatchInfo:
    firstSubMesh: 0
    subMeshCount: 0
  m_StaticBatchRoot: {fileID: 0}
  m_ProbeAnchor: {fileID: 0}
  m_LightProbeVolumeOverride: {fileID: 0}
  m_ScaleInLightmap: 1
  m_ReceiveGI: 1
  m_PreserveUVs: 0
  m_IgnoreNormalsForChartDetection: 0
  m_ImportantGI: 0
  m_StitchLightmapSeams: 1
  m_SelectedEditorRenderState: 0
  m_MinimumChartSize: 4
  m_AutoUVMaxDistance: 0.5
  m_AutoUVMaxAngle: 89
  m_LightmapParameters: {fileID: 0}
  m_SortingLayerID: 0
  m_SortingLayer: 0
  m_SortingOrder: 6
  m_Color: {r: 1, g: 1, b: 1, a: 1}
  m_MaskInteraction: 0
  m_ShapeTexture: {fileID: 0}
  m_Sprites:
  - {fileID: 21300000, guid: b5d09261377a5ab4182a9a7f37b7cf75, type: 3}
  - {fileID: 21300000, guid: b5d09261377a5ab4182a9a7f37b7cf75, type: 3}
  - {fileID: 21300000, guid: b5d09261377a5ab4182a9a7f37b7cf75, type: 3}
  - {fileID: 21300000, guid: b5d09261377a5ab4182a9a7f37b7cf75, type: 3}
  m_LocalAABB:
    m_Center: {x: 0.27468538, y: 0.05783075, z: -0.00005015}
    m_Extent: {x: 3.6979332, y: 0.6809289, z: 0.00005015}
--- !u!114 &2581647335949190687
MonoBehaviour:
  m_ObjectHideFlags: 0
  m_CorrespondingSourceObject: {fileID: 0}
  m_PrefabInstance: {fileID: 0}
  m_PrefabAsset: {fileID: 0}
  m_GameObject: {fileID: 2581647335949190686}
  m_Enabled: 1
  m_EditorHideFlags: 0
  m_Script: {fileID: 11500000, guid: 90539df1cd5704abcb25fec9f3f5f84b, type: 3}
  m_Name: 
  m_EditorClassIdentifier: 
  m_Spline:
    m_IsOpenEnded: 1
    m_ControlPoints:
    - position: {x: -3.4060822, y: 0.043109894, z: 0}
      leftTangent: {x: -0.86667925, y: -0.022720926, z: -0}
      rightTangent: {x: 1.74751, y: 0.045812845, z: 0}
      mode: 1
      height: 1
      bevelCutoff: 0
      bevelSize: 0
      spriteIndex: 0
      corner: 1
      m_CornerMode: 1
    - position: {x: 3.9363575, y: 0.08476412, z: 0}
      leftTangent: {x: -2.1200967, y: -0.117549896, z: 0}
      rightTangent: {x: 0.9414067, y: 0.0521968, z: -0}
      mode: 1
      height: 1
      bevelCutoff: 0
      bevelSize: 0
      spriteIndex: 0
      corner: 1
      m_CornerMode: 1
  m_SpriteShape: {fileID: 11400000, guid: 8264f70028f2da443a1d0514cd9c4e82, type: 2}
  m_FillPixelPerUnit: 100
  m_StretchTiling: 1
  m_SplineDetail: 16
  m_AdaptiveUV: 0
  m_StretchUV: 0
  m_WorldSpaceUV: 0
  m_CornerAngleThreshold: 30
  m_ColliderDetail: 16
  m_ColliderOffset: 0.059
  m_UpdateCollider: 1
  m_OptimizeCollider: 1
  m_OptimizeGeometry: 1
  m_EnableTangents: 0
  m_GeometryCached: 0
--- !u!68 &2581647335949190690
EdgeCollider2D:
  m_ObjectHideFlags: 0
  m_CorrespondingSourceObject: {fileID: 0}
  m_PrefabInstance: {fileID: 0}
  m_PrefabAsset: {fileID: 0}
  m_GameObject: {fileID: 2581647335949190686}
  m_Enabled: 1
  m_Density: 1
  m_Material: {fileID: 6200000, guid: 87457af7100b2f94698bd651b279fcac, type: 2}
  m_IsTrigger: 0
  m_UsedByEffector: 0
  m_UsedByComposite: 0
  m_Offset: {x: 0, y: 0}
  m_EdgeRadius: 0
  m_Points:
  - {x: -3.4081078, y: 0.12037332}
  - {x: -2.6225946, y: 0.13075405}
  - {x: 0.93945277, y: 0.109804034}
  - {x: 2.0091362, y: 0.1113401}
  - {x: 3.021396, y: 0.12680513}
  - {x: 3.4921896, y: 0.14155553}
  - {x: 3.9320786, y: 0.16193558}
  m_AdjacentStartPoint: {x: 0, y: 0}
  m_AdjacentEndPoint: {x: 0, y: 0}
  m_UseAdjacentStartPoint: 0
  m_UseAdjacentEndPoint: 0
--- !u!114 &737904110998765779
MonoBehaviour:
  m_ObjectHideFlags: 0
  m_CorrespondingSourceObject: {fileID: 0}
  m_PrefabInstance: {fileID: 0}
  m_PrefabAsset: {fileID: 0}
  m_GameObject: {fileID: 2581647335949190686}
  m_Enabled: 1
  m_EditorHideFlags: 0
  m_Script: {fileID: 11500000, guid: e3df1697e1de84e4c82acb85f63dd418, type: 3}
  m_Name: 
  m_EditorClassIdentifier: 
  NormalPlatform: {fileID: 2581647335949190687}
  GooPlatform: {fileID: 4744425961897269678}
--- !u!1 &6640074351206558231
GameObject:
  m_ObjectHideFlags: 0
  m_CorrespondingSourceObject: {fileID: 0}
  m_PrefabInstance: {fileID: 0}
  m_PrefabAsset: {fileID: 0}
  serializedVersion: 6
  m_Component:
  - component: {fileID: 9186688252743683118}
  - component: {fileID: 108425585358434187}
  - component: {fileID: 4744425961897269678}
  m_Layer: 9
  m_Name: GooPlatform
  m_TagString: Floor
  m_Icon: {fileID: 0}
  m_NavMeshLayer: 0
  m_StaticEditorFlags: 0
  m_IsActive: 1
--- !u!4 &9186688252743683118
Transform:
  m_ObjectHideFlags: 0
  m_CorrespondingSourceObject: {fileID: 0}
  m_PrefabInstance: {fileID: 0}
  m_PrefabAsset: {fileID: 0}
  m_GameObject: {fileID: 6640074351206558231}
  m_LocalRotation: {x: 0, y: 0, z: 0, w: 1}
  m_LocalPosition: {x: 0, y: 0, z: -1}
  m_LocalScale: {x: 1, y: 1, z: 1}
  m_Children: []
  m_Father: {fileID: 2581647335949190685}
  m_RootOrder: 0
  m_LocalEulerAnglesHint: {x: 0, y: 0, z: 0}
--- !u!1971053207 &108425585358434187
SpriteShapeRenderer:
  m_ObjectHideFlags: 0
  m_CorrespondingSourceObject: {fileID: 0}
  m_PrefabInstance: {fileID: 0}
  m_PrefabAsset: {fileID: 0}
  m_GameObject: {fileID: 6640074351206558231}
  m_Enabled: 1
  m_CastShadows: 1
  m_ReceiveShadows: 1
  m_DynamicOccludee: 0
  m_MotionVectors: 1
  m_LightProbeUsage: 1
  m_ReflectionProbeUsage: 1
  m_RayTracingMode: 0
  m_RayTraceProcedural: 0
  m_RenderingLayerMask: 1
  m_RendererPriority: 0
  m_Materials:
  - {fileID: 2100000, guid: 86596a7bf09d58144855ae9fd8e74e6f, type: 2}
  - {fileID: 2100000, guid: 86596a7bf09d58144855ae9fd8e74e6f, type: 2}
  m_StaticBatchInfo:
    firstSubMesh: 0
    subMeshCount: 0
  m_StaticBatchRoot: {fileID: 0}
  m_ProbeAnchor: {fileID: 0}
  m_LightProbeVolumeOverride: {fileID: 0}
  m_ScaleInLightmap: 1
  m_ReceiveGI: 1
  m_PreserveUVs: 0
  m_IgnoreNormalsForChartDetection: 0
  m_ImportantGI: 0
  m_StitchLightmapSeams: 1
  m_SelectedEditorRenderState: 0
  m_MinimumChartSize: 4
  m_AutoUVMaxDistance: 0.5
  m_AutoUVMaxAngle: 89
  m_LightmapParameters: {fileID: 0}
  m_SortingLayerID: 0
  m_SortingLayer: 0
  m_SortingOrder: 0
  m_Color: {r: 1, g: 1, b: 1, a: 1}
  m_MaskInteraction: 1
  m_ShapeTexture: {fileID: 0}
  m_Sprites:
  - {fileID: 21300000, guid: 8859baaaac1fd87459e5907eb94188a7, type: 3}
  - {fileID: 21300000, guid: 8859baaaac1fd87459e5907eb94188a7, type: 3}
  - {fileID: 21300000, guid: 8859baaaac1fd87459e5907eb94188a7, type: 3}
  - {fileID: 21300000, guid: 8859baaaac1fd87459e5907eb94188a7, type: 3}
  m_LocalAABB:
    m_Center: {x: 0.27402687, y: 0.052577376, z: -0.00005015}
    m_Extent: {x: 3.6955633, y: 0.62097895, z: 0.00005015}
--- !u!114 &4744425961897269678
MonoBehaviour:
  m_ObjectHideFlags: 0
  m_CorrespondingSourceObject: {fileID: 0}
  m_PrefabInstance: {fileID: 0}
  m_PrefabAsset: {fileID: 0}
  m_GameObject: {fileID: 6640074351206558231}
  m_Enabled: 1
  m_EditorHideFlags: 0
  m_Script: {fileID: 11500000, guid: 90539df1cd5704abcb25fec9f3f5f84b, type: 3}
  m_Name: 
  m_EditorClassIdentifier: 
  m_Spline:
    m_IsOpenEnded: 1
    m_ControlPoints:
    - position: {x: -3.4060822, y: 0.043109894, z: 0}
      leftTangent: {x: -0.86667925, y: -0.022720926, z: -0}
      rightTangent: {x: 1.74751, y: 0.045812845, z: 0}
      mode: 1
      height: 1
      bevelCutoff: 0
      bevelSize: 0
      spriteIndex: 0
      corner: 0
      m_CornerMode: 1
    - position: {x: 3.9363575, y: 0.08476412, z: 0}
      leftTangent: {x: -2.1200967, y: -0.117549896, z: 0}
      rightTangent: {x: 0.9414067, y: 0.0521968, z: -0}
      mode: 1
      height: 1
      bevelCutoff: 0
      bevelSize: 0
      spriteIndex: 0
      corner: 0
      m_CornerMode: 1
  m_SpriteShape: {fileID: 11400000, guid: 16e2a256c9b826440b14ebda6dd7742d, type: 2}
  m_FillPixelPerUnit: 100
  m_StretchTiling: 1
  m_SplineDetail: 16
  m_AdaptiveUV: 0
  m_StretchUV: 0
  m_WorldSpaceUV: 0
  m_CornerAngleThreshold: 30
  m_ColliderDetail: 16
  m_ColliderOffset: 0.059
  m_UpdateCollider: 1
  m_OptimizeCollider: 1
  m_OptimizeGeometry: 1
  m_EnableTangents: 0
  m_GeometryCached: 0
